%%%%%%%%%%%%%%%%%%%%%%%%%%%%%%%%%%%%%%%%%%%%%%%%
% DIANA Fellowship Proposal for Matthew Feickert
%%%%%%%%%%%%%%%%%%%%%%%%%%%%%%%%%%%%%%%%%%%%%%%%

%DIANA/HEP
@misc{DIANA-proposal-2014,
    title = {{Data-Intensive Analysis for High Energy Physics (DIANA/HEP)}},
    author = {Elmer, Peter and Cranmer, Kyle and Sokolof, Mike and Bockelman, Brian},
    year = {2014},
    month = {June},
    url = {http://diana-hep.org/downloads/ssi2014-nsf-proposal.pdf},
}

@inproceedings{Cranmer:2015nia,
      author         = "Cranmer, Kyle",
      title          = "{Practical Statistics for the LHC}",
      booktitle      = "{Proceedings, 2011 European School of High-Energy Physics
                        (ESHEP 2011): Cheile Gradistei, Romania, September 7-20,
                        2011}",
      year           = "2015",
      url            = "https://inspirehep.net/record/1356277/files/arXiv:1503.07622.pdf",
      pages          = "267-308",
      doi            = "10.5170/CERN-2015-001.247, 10.5170/CERN-2014-003.267",
      note           = "[,247(2015)]",
      eprint         = "1503.07622",
      archivePrefix  = "arXiv",
      primaryClass   = "physics.data-an"
}

%HistFitter
@article{Baak:2014wma,
      author         = "Baak, M. and Besjes, G. J. and CÃ´te, D. and Koutsman, A.
                        and Lorenz, J. and Short, D.",
      title          = "{HistFitter software framework for statistical data
                        analysis}",
      journal        = "Eur. Phys. J.",
      volume         = "C75",
      year           = "2015",
      pages          = "153",
      doi            = "10.1140/epjc/s10052-015-3327-7",
      eprint         = "1410.1280",
      archivePrefix  = "arXiv",
      primaryClass   = "hep-ex"
}

@misc{tensorflow2015-whitepaper,
title={ {TensorFlow}: Large-Scale Machine Learning on Heterogeneous Systems},
url={http://tensorflow.org/},
note={Software available from tensorflow.org},
author={
    Mart\'{\i}n~Abadi and
    Ashish~Agarwal and
    Paul~Barham and
    Eugene~Brevdo and
    Zhifeng~Chen and
    Craig~Citro and
    Greg~S.~Corrado and
    Andy~Davis and
    Jeffrey~Dean and
    Matthieu~Devin and
    Sanjay~Ghemawat and
    Ian~Goodfellow and
    Andrew~Harp and
    Geoffrey~Irving and
    Michael~Isard and
    Yangqing Jia and
    Rafal~Jozefowicz and
    Lukasz~Kaiser and
    Manjunath~Kudlur and
    Josh~Levenberg and
    Dan~Man\'{e} and
    Rajat~Monga and
    Sherry~Moore and
    Derek~Murray and
    Chris~Olah and
    Mike~Schuster and
    Jonathon~Shlens and
    Benoit~Steiner and
    Ilya~Sutskever and
    Kunal~Talwar and
    Paul~Tucker and
    Vincent~Vanhoucke and
    Vijay~Vasudevan and
    Fernanda~Vi\'{e}gas and
    Oriol~Vinyals and
    Pete~Warden and
    Martin~Wattenberg and
    Martin~Wicke and
    Yuan~Yu and
    Xiaoqiang~Zheng},
  year={2015},
}

\input{theano-full}
%2016arXiv160502688full
%N.B.: Kerning applied to title
@ARTICLE{theano-full,
   author = {
     Rami Al-Rfou and
     Guillaume Alain and
     Amjad Almahairi and
     Christof Angermueller and
     Dzmitry Bahdanau and
     Nicolas Ballas and
     Fr\'ed\'eric Bastien and
     Justin Bayer and
     Anatoly Belikov and
     Alexander Belopolsky and
     Yoshua Bengio and
     Arnaud Bergeron and
     James Bergstra and
     Valentin Bisson and
     Josh {Bleecher Snyder} and
     Nicolas Bouchard and
     Nicolas Boulanger-Lewandowski and
     Xavier Bouthillier and
     Alexandre de Br\'ebisson and
     Olivier Breuleux and
     Pierre-Luc Carrier and
     Kyunghyun Cho and
     Jan Chorowski and
     Paul Christiano and
     Tim Cooijmans and
     Marc-Alexandre C\^ot\'e and
     Myriam C\^ot\'e and
     Aaron Courville and
     Yann N. Dauphin and
     Olivier Delalleau and
     Julien Demouth and
     Guillaume Desjardins and
     Sander Dieleman and
     Laurent Dinh and
     M\'elanie Ducoffe and
     Vincent Dumoulin and
     Samira {Ebrahimi Kahou} and
     Dumitru Erhan and
     Ziye Fan and
     Orhan Firat and
     Mathieu Germain and
     Xavier Glorot and
     Ian Goodfellow and
     Matt Graham and
     Caglar Gulcehre and
     Philippe Hamel and
     Iban Harlouchet and
     Jean-Philippe Heng and
     Bal\'azs Hidasi and
     Sina Honari and
     Arjun Jain and
     S\'ebastien Jean and
     Kai Jia and
     Mikhail Korobov and
     Vivek Kulkarni and
     Alex Lamb and
     Pascal Lamblin and
     Eric Larsen and
     C\'esar Laurent and
     Sean Lee and
     Simon Lefrancois and
     Simon Lemieux and
     Nicholas L\'eonard and
     Zhouhan Lin and
     Jesse A. Livezey and
     Cory Lorenz and
     Jeremiah Lowin and
     Qianli Ma and
     Pierre-Antoine Manzagol and
     Olivier Mastropietro and
     Robert T. McGibbon and
     Roland Memisevic and
     Bart van Merri\"enboer and
     Vincent Michalski and
     Mehdi Mirza and
     Alberto Orlandi and
     Christopher Pal and
     Razvan Pascanu and
     Mohammad Pezeshki and
     Colin Raffel and
     Daniel Renshaw and
     Matthew Rocklin and
     Adriana Romero and
     Markus Roth and
     Peter Sadowski and
     John Salvatier and
     Fran\c{c}ois Savard and
     Jan Schl\"uter and
     John Schulman and
     Gabriel Schwartz and
     Iulian Vlad Serban and
     Dmitriy Serdyuk and
     Samira Shabanian and
     \'Etienne Simon and
     Sigurd Spieckermann and
     S. Ramana Subramanyam and
     Jakub Sygnowski and
     J\'er\'emie Tanguay and
     Gijs van Tulder and
     Joseph Turian and
     Sebastian Urban and
     Pascal Vincent and
     Francesco Visin and
     Harm de Vries and
     David Warde-Farley and
     Dustin J. Webb and
     Matthew Willson and
     Kelvin Xu and
     Lijun Xue and
     Li Yao and
     Saizheng Zhang and
     Ying Zhang},
 collaboration = {Theano Development Team},
    title = "{Theano: A {Python} framework for fast computation\! of mathematical\! expressions}",
  journal = {arXiv e-prints},
   volume = {abs/1605.02688},
 primaryClass = "cs.SC",
 keywords = {Computer Science - Symbolic Computation, Computer Science - Learning, Computer Science - Mathematical Software},
     year = 2016,
    month = may,
      url = {http://arxiv.org/abs/1605.02688},
}

%MXNet
@article{DBLP:journals/corr/ChenLLLWWXXZZ15,
  author    = {Tianqi Chen and
               Mu Li and
               Yutian Li and
               Min Lin and
               Naiyan Wang and
               Minjie Wang and
               Tianjun Xiao and
               Bing Xu and
               Chiyuan Zhang and
               Zheng Zhang},
  title     = {MXNet: {A} Flexible and Efficient Machine Learning Library for Heterogeneous
               Distributed Systems},
  journal   = {CoRR},
  volume    = {abs/1512.01274},
  year      = {2015},
  url       = {http://arxiv.org/abs/1512.01274},
  timestamp = {Sat, 02 Jan 2016 11:38:49 +0100},
  biburl    = {http://dblp.uni-trier.de/rec/bib/journals/corr/ChenLLLWWXXZZ15},
  bibsource = {dblp computer science bibliography, http://dblp.org}
}

%RooFit
@article{Verkerke:2003ir,
      author         = "Verkerke, Wouter and Kirkby, David P.",
      title          = "{The RooFit toolkit for data modeling}",
      booktitle      = "{Statistical Problems in Particle Physics, Astrophysics
                        and Cosmology (PHYSTAT 05): Proceedings, Oxford, UK,
                        September 12-15, 2005}",
      journal        = "eConf",
      volume         = "C0303241",
      year           = "2003",
      pages          = "MOLT007",
      note           = "[,186(2003)]",
      eprint         = "physics/0306116",
      archivePrefix  = "arXiv",
      primaryClass   = "physics",
      reportNumber   = "CHEP-2003-MOLT007",
}

%HistFactory
@misc{Cranmer:2012sba,
      author         = "Cranmer, Kyle and Lewis, George and Moneta, Lorenzo and
                        Shibata, Akira and Verkerke, Wouter",
      title          = "{HistFactory: A tool for creating statistical models for
                        use with RooFit and RooStats}",
      collaboration  = "ROOT",
      year           = "2012",
      reportNumber   = "CERN-OPEN-2012-016",
}

%Edward
@article{tran2016edward,
  author = {Dustin Tran and Alp Kucukelbir and Adji B. Dieng and Maja Rudolph and Dawen Liang and David M. Blei},
  title = {{Edward: A library for probabilistic modeling, inference, and criticism}},
  journal = {arXiv preprint arXiv:1610.09787},
  year = {2016}
}

%tensorprob
@misc{tensorprob2016,
  author = {Babuschkin, Igor},
  title = {{tensorprob: A probabilistic programming framework based on TensorFlow}},
  year = {2016},
  publisher = {GitHub},
  journal = {GitHub repository},
  howpublished = {\url{https://github.com/tensorprob/tensorprob}},
  commit = {3109fcec01e352b5522d4a65a3adf2ab1258114f}
}

%histogrammar
@misc{histogrammar2017,
  author = {Pivarski, Jim and Svyatkovskiyi, Alexey},
  title = {{Histogrammar}},
  year = {2017},
  publisher = {GitHub},
  journal = {GitHub repository},
  howpublished = {\url{https://github.com/histogrammar}},
  website = {\url{http://histogrammar.org/}}
}
